<record><leader>00000cas a22000007a 4500</leader><controlfield tag="001">36246725</controlfield><controlfield tag="008">970123d18uu1uuuscumr ne      0    0eng d</controlfield><datafield ind1=" " ind2=" " tag="010"><subfield code="a">sn 97064659 </subfield></datafield><datafield ind1=" " ind2=" " tag="040"><subfield code="a">NVJ</subfield><subfield code="b">eng</subfield><subfield code="c">NVJ</subfield><subfield code="d">OCLCQ</subfield></datafield><datafield ind1=" " ind2=" " tag="042"><subfield code="a">msc</subfield></datafield><datafield ind1="0" ind2="0" tag="245"><subfield code="a">Gaffney City trade review.</subfield></datafield><datafield ind1="3" ind2="0" tag="246"><subfield code="a">Trade review</subfield></datafield><datafield ind1=" " ind2=" " tag="260"><subfield code="a">Gaffney, S.C. :</subfield><subfield code="b">R.H. Weeks</subfield></datafield><datafield ind1=" " ind2=" " tag="300"><subfield code="a">v.</subfield></datafield><datafield ind1=" " ind2=" " tag="310"><subfield code="a">Monthly</subfield></datafield><datafield ind1=" " ind2=" " tag="588"><subfield code="a">Description based on: July 1897.</subfield></datafield><datafield ind1=" " ind2=" " tag="752"><subfield code="a">United States</subfield><subfield code="b">South Carolina</subfield><subfield code="c">Cherokee</subfield><subfield code="d">Gaffney.</subfield></datafield></record>